<record><leader>00000cas a2200000 a 4500</leader><controlfield tag="001">492345970</controlfield><controlfield tag="008">091222d19111942iluwr ne      0   a0eng c</controlfield><datafield ind1=" " ind2=" " tag="010"><subfield code="a">  2009271131</subfield></datafield><datafield ind1=" " ind2=" " tag="040"><subfield code="a">NVF</subfield><subfield code="b">eng</subfield><subfield code="c">NVF</subfield><subfield code="d">NVF</subfield><subfield code="d">OCLCQ</subfield><subfield code="d">NVF</subfield><subfield code="d">OCLCF</subfield><subfield code="d">OCLCO</subfield></datafield><datafield ind1=" " ind2=" " tag="042"><subfield code="a">pcc</subfield></datafield><datafield ind1=" " ind2=" " tag="043"><subfield code="a">n-us-il</subfield></datafield><datafield ind1="0" ind2=" " tag="130"><subfield code="a">Gazette=herald (Kenney, Ill.)</subfield></datafield><datafield ind1="1" ind2="4" tag="245"><subfield code="a">The gazette=herald.</subfield></datafield><datafield ind1="3" ind2=" " tag="246"><subfield code="a">Gazette = herald</subfield></datafield><datafield ind1="3" ind2=" " tag="246"><subfield code="a">Gazette equals herald</subfield></datafield><datafield ind1=" " ind2=" " tag="260"><subfield code="a">Kenney, Ill. :</subfield><subfield code="b">Ernest L. Foster,</subfield><subfield code="c">1911-1942.</subfield></datafield><datafield ind1=" " ind2=" " tag="300"><subfield code="a">v.</subfield></datafield><datafield ind1=" " ind2=" " tag="310"><subfield code="a">Weekly</subfield></datafield><datafield ind1="0" ind2=" " tag="362"><subfield code="a">Vol. 1, no. 1 (May 5, 1911)-v. 63, no. 2 (May 8, 1942).</subfield></datafield><datafield ind1=" " ind2=" " tag="580"><subfield code="a">Formed by the union of: Kenney gazette and: Kenney herald.</subfield></datafield><datafield ind1=" " ind2="0" tag="651"><subfield code="a">Kenney (Ill.)</subfield><subfield code="v">Newspapers.</subfield></datafield><datafield ind1=" " ind2="7" tag="655"><subfield code="a">Newspapers.</subfield><subfield code="2">fast</subfield><subfield code="0">(OCoLC)fst01423814</subfield></datafield><datafield ind1=" " ind2="7" tag="651"><subfield code="a">Illinois</subfield><subfield code="z">Kenney.</subfield><subfield code="2">fast</subfield><subfield code="0">(OCoLC)fst01875366</subfield></datafield><datafield ind1=" " ind2=" " tag="752"><subfield code="a">United States</subfield><subfield code="b">Illinois</subfield><subfield code="c">De Witt</subfield><subfield code="d">Kenney.</subfield></datafield><datafield ind1="1" ind2="4" tag="780"><subfield code="t">Kenney gazette</subfield><subfield code="w">(DLC)sn 93056107</subfield><subfield code="w">(OCoLC)29216933</subfield></datafield><datafield ind1="1" ind2="4" tag="780"><subfield code="t">Kenney herald</subfield><subfield code="w">(DLC)sn 93056106</subfield><subfield code="w">(OCoLC)29216820</subfield></datafield></record>